Bibtex (bib) file for the thesis style document
