@inproceedings{Pennington2014GloveGV,
  title={Glove: Global Vectors for Word Representation},
  author={Jeffrey Pennington and Richard Socher and Christopher D. Manning},
  booktitle={EMNLP},
  year={2014}
}
@inproceedings{Peters2019KnowledgeEC,
  title={Knowledge Enhanced Contextual Word Representations},
  author={Matthew E. Peters and Mark Neumann and IV RobertLLogan and Roy Schwartz and Vidur Joshi and Sameer Singh and Noah A. Smith},
  booktitle={EMNLP/IJCNLP},
  year={2019}
}
@inproceedings{Shannon1951PredictionAE,
  title={Prediction and entropy of printed English},
  author={Claude E. Shannon},
  year={1951}
}
@article{Smith2019ContextualWR,
  title={Contextual Word Representations: A Contextual Introduction},
  author={Noah A. Smith},
  journal={ArXiv},
  year={2019},
  volume={abs/1902.06006}
}
@article{Athiwaratkun2017MultimodalWD,
  title={Multimodal Word Distributions},
  author={Ben Athiwaratkun and Andrew Gordon Wilson},
  journal={ArXiv},
  year={2017},
  volume={abs/1704.08424}
}
@inproceedings{You2019LargeBO,
  title={Large Batch Optimization for Deep Learning: Training BERT in 76 minutes.},
  author={Yang You and Jing Li and Sashank J. Reddi and Jonathan Hseu and Sanjiv Kumar and Srinadh Bhojanapalli and Xiaodan Song and James Demmel and Kurt Keutzer and Cho-Jui Hsieh},
  year={2019}
}
@inproceedings{Shannon1951PredictionAE,
  title={Prediction and entropy of printed English},
  author={Claude E. Shannon},
  year={1951}
}
@article{Mikolov2013EfficientEO,
  title={Efficient Estimation of Word Representations in Vector Space},
  author={Tomas Mikolov and Kai Chen and Gregory S. Corrado and Jeffrey Dean},
  journal={CoRR},
  year={2013},
  volume={abs/1301.3781}
}
@article{Weizenbaum1966ELIZAA,
  title={ELIZA â€” a computer program for the study of natural language communication between man and machine},
  author={Joseph Weizenbaum},
  journal={Commun. ACM},
  year={1966},
  volume={26},
  pages={23-28}
}
@inproceedings{opennmt,
  author    = {Guillaume Klein and
               Yoon Kim and
               Yuntian Deng and
               Jean Senellart and
               Alexander M. Rush},
  title     = {OpenNMT: Open-Source Toolkit for Neural Machine Translation},
  booktitle = {Proc. ACL},
  year      = {2017},
  url       = {https://doi.org/10.18653/v1/P17-4012},
  doi       = {10.18653/v1/P17-4012}
}
@misc{wang2019jiant,
    author = {Alex Wang and Ian F. Tenney and Yada Pruksachatkun and Katherin Yu and Jan Hula and Patrick Xia and Raghu Pappagari and Shuning Jin and R. Thomas McCoy and Roma Patel and Yinghui Huang and Jason Phang and Edouard Grave and Haokun Liu and Najoung Kim and Phu Mon Htut and Thibault F\'evry and Berlin Chen and Nikita Nangia and Anhad Mohananey and Katharina Kann and Shikha Bordia and Nicolas Patry and David Benton and Ellie Pavlick and Samuel R. Bowman},
    title = {\texttt{jiant} 1.2: A software toolkit for research on general-purpose text understanding models},
    howpublished = {\url{http://jiant.info/}},
    year = {2019}
}
@article{Bahdanau2014NeuralMT,
  title={Neural Machine Translation by Jointly Learning to Align and Translate},
  author={Dzmitry Bahdanau and Kyunghyun Cho and Yoshua Bengio},
  journal={CoRR},
  year={2014},
  volume={abs/1409.0473}
}
@inproceedings{Luong2015EffectiveAT,
  title={Effective Approaches to Attention-based Neural Machine Translation},
  author={Thang Luong and Hieu Pham and Christopher D. Manning},
  booktitle={EMNLP},
  year={2015}
}
@inproceedings{McCallum2000MaximumEM,
  title={Maximum Entropy Markov Models for Information Extraction and Segmentation},
  author={Andrew McCallum and Dayne Freitag and Fernando C Pereira},
  booktitle={ICML},
  year={2000}
}

@article{Peters2018DeepCW,
  title={Deep Contextualized Word Representations},
  author={Matthew E. Peters and Mark Neumann and Mohit Iyyer and Matt Gardner and Christopher Clark and Kenton Lee and Luke Zettlemoyer},
  journal={ArXiv},
  year={2018},
  volume={abs/1802.05365}
}
@misc{Gokaslan2019OpenWeb,  
	title={OpenWebText Corpus},
	author={Aaron Gokaslan and Vanya Cohen},
	howpublished={\url{http://Skylion007.github.io/OpenWebTextCorpus}}, 
	year={2019}
}
@misc{peters2018deep,
    title={Deep contextualized word representations},
    author={Matthew E. Peters and Mark Neumann and Mohit Iyyer and Matt Gardner and Christopher Clark and Kenton Lee and Luke Zettlemoyer},
    year={2018},
    eprint={1802.05365},
    archivePrefix={arXiv},
    primaryClass={cs.CL}
}
@article{DBLP:journals/corr/abs-1810-04805,
  author    = {Jacob Devlin and
               Ming{-}Wei Chang and
               Kenton Lee and
               Kristina Toutanova},
  title     = {{BERT:} Pre-training of Deep Bidirectional Transformers for Language
               Understanding},
  journal   = {CoRR},
  volume    = {abs/1810.04805},
  year      = {2018},
  url       = {http://arxiv.org/abs/1810.04805},
  archivePrefix = {arXiv},
  eprint    = {1810.04805},
  timestamp = {Tue, 30 Oct 2018 20:39:56 +0100},
  biburl    = {https://dblp.org/rec/bib/journals/corr/abs-1810-04805},
  bibsource = {dblp computer science bibliography, https://dblp.org}
}